@article{achanta2012slic,
  title={SLIC superpixels compared to state-of-the-art superpixel methods},
  author={Achanta, Radhakrishna and Shaji, Appu and Smith, Kevin and Lucchi, Aurelien and Fua, Pascal and Susstrunk, Sabine},
  journal={Pattern Analysis and Machine Intelligence, IEEE Transactions on},
  volume={34},
  number={11},
  pages={2274--2282},
  year={2012},
  publisher={IEEE}
}

@inproceedings{jain1990unsupervised,
  title={Unsupervised texture segmentation using Gabor filters},
  author={Jain, Anil K and Farrokhnia, Farshid},
  booktitle={Systems, Man and Cybernetics, 1990. Conference Proceedings., IEEE International Conference on},
  pages={14--19},
  year={1990},
  organization={IEEE}
}

@article{clausi2000designing,
  title={Designing Gabor filters for optimal texture separability},
  author={Clausi, David A and Jernigan, M Ed},
  journal={Pattern Recognition},
  volume={33},
  number={11},
  pages={1835--1849},
  year={2000},
  publisher={Elsevier}
}

@article{leung2001representing,
  title={Representing and recognizing the visual appearance of materials using three-dimensional textons},
  author={Leung, Thomas and Malik, Jitendra},
  journal={International Journal of Computer Vision},
  volume={43},
  number={1},
  pages={29--44},
  year={2001},
  publisher={Springer}
}

@article{lee2005standard,
  title={Standard atlas space for C57BL/6J neonatal mouse brain},
  author={Lee, Erh-Fang and Jacobs, Russell E and Dinov, Ivo and Leow, Alex and Toga, Arthur W},
  journal={Anatomy and embryology},
  volume={210},
  number={4},
  pages={245--263},
  year={2005},
  publisher={Springer}
}

@article{lein2007genome,
  title={Genome-wide atlas of gene expression in the adult mouse brain},
  author={Lein, Ed S and Hawrylycz, Michael J and Ao, Nancy and Ayres, Mikael and Bensinger, Amy and Bernard, Amy and Boe, Andrew F and Boguski, Mark S and Brockway, Kevin S and Byrnes, Emi J and others},
  journal={Nature},
  volume={445},
  number={7124},
  pages={168--176},
  year={2007},
  publisher={Nature Publishing Group}
}

@article{gao2009decision,
  title={Decision-theoretic saliency: computational principles, biological plausibility, and implications for neurophysiology and psychophysics},
  author={Gao, Dashan and Vasconcelos, Nuno},
  journal={Neural computation},
  volume={21},
  number={1},
  pages={239--271},
  year={2009},
  publisher={MIT Press}
}


@inproceedings{perazzi2012saliency,
  title={Saliency filters: Contrast based filtering for salient region detection},
  author={Perazzi, Federico and Krahenbuhl, Philipp and Pritch, Yael and Hornung, Alexander},
  booktitle={Computer Vision and Pattern Recognition (CVPR), 2012 IEEE Conference on},
  pages={733--740},
  year={2012},
  organization={IEEE}
}

@inproceedings{cheng2011global,
  title={Global contrast based salient region detection},
  author={Cheng, Ming-Ming and Zhang, Guo-Xin and Mitra, Niloy J and Huang, Xiaolei and Hu, Shi-Min},
  booktitle={Computer Vision and Pattern Recognition (CVPR), 2011 IEEE Conference on},
  pages={409--416},
  year={2011},
  organization={IEEE}
}

@inproceedings{belongie2000shape,
  title={Shape context: A new descriptor for shape matching and object recognition},
  author={Belongie, Serge and Malik, Jitendra and Puzicha, Jan},
  booktitle={NIPS},
  volume={2},
  pages={3},
  year={2000}
}